<?xml version="1.0" encoding="UTF-8"?><record xmlns="http://www.loc.gov/MARC21/slim" xmlns:cinclude="http://apache.org/cocoon/include/1.0" xmlns:zs="http://www.loc.gov/zing/srw/">
  <leader>00522cz  a2200193n  4500</leader>
  <controlfield tag="001">nr2005014275</controlfield>
  <controlfield tag="003">DLC</controlfield>
  <controlfield tag="005">20080404080218.0</controlfield>
  <controlfield tag="008">050616n| acaabaaan          |a ana     c</controlfield>
  <datafield tag="010" ind1=" " ind2=" ">
    <subfield code="a">nr2005014275</subfield>
  </datafield>
  <datafield tag="035" ind1=" " ind2=" ">
    <subfield code="a">(OCoLC)oca06664907</subfield>
  </datafield>
  <datafield tag="040" ind1=" " ind2=" ">
    <subfield code="a">NNU</subfield>
    <subfield code="b">eng</subfield>
    <subfield code="c">NNU</subfield>
    <subfield code="d">MdU</subfield>
  </datafield>
  <datafield tag="130" ind1=" " ind2="0">
    <subfield code="a">Arte e restauro.</subfield>
    <subfield code="p">Fonti</subfield>
  </datafield>
  <datafield tag="430" ind1=" " ind2="0">
    <subfield code="a">Fonti (Florence, Italy)</subfield>
  </datafield>
  <datafield tag="643" ind1=" " ind2=" ">
    <subfield code="a">Firenze</subfield>
    <subfield code="b">Nardini</subfield>
  </datafield>
  <datafield tag="644" ind1=" " ind2=" ">
    <subfield code="a">f</subfield>
    <subfield code="5">NNU</subfield>
  </datafield>
  <datafield tag="645" ind1=" " ind2=" ">
    <subfield code="a">t</subfield>
    <subfield code="5">DPCC</subfield>
    <subfield code="5">NNU</subfield>
  </datafield>
  <datafield tag="646" ind1=" " ind2=" ">
    <subfield code="a">s</subfield>
    <subfield code="5">NNU</subfield>
  </datafield>
  <datafield tag="670" ind1=" " ind2=" ">
    <subfield code="a">Ricette vetrarie muranesi, 2004:</subfield>
    <subfield code="b">t.p. verso (Arte e restauro. Fonti)</subfield>
  </datafield>
</record>